%JIAHUI
@article{liu2013mobile,
  title={Mobile robot for life science automation},
  author={Liu, Hui and Stoll, Norbert and Junginger, Steffen and Thurow, Kerstin},
  journal={International Journal of Advanced Robotic Systems},
  volume={10},
  number={7},
  pages={288},
  year={2013},
  publisher={SAGE Publications Sage UK: London, England}
}

@article{roa2015mobile,
  title={Mobile manipulation: Toward smart manufacturing [TC spotlight]},
  author={Roa, M{\'a}ximo A and Berenson, Dmitry and Huang, Wes},
  journal={IEEE Robotics \& Automation Magazine},
  volume={22},
  number={4},
  pages={14--15},
  year={2015},
  publisher={IEEE}
}

@article{ali2016kinematic,
  title={Kinematic analysis of 6-DOF arms for H20 mobile robots and labware manipulation for transportation in life science labs},
  author={Ali, Mohammed M and Liu, Hui and Stoll, Norbert and Thurow, Kerstin},
  journal={Journal of Automation Mobile Robotics and Intelligent Systems},
  volume={10},
  year={2016}
}

@inproceedings{ali2016intelligent,
  title={Intelligent arm manipulation system in life science labs using H20 mobile robot and Kinect sensor},
  author={Ali, Mohammed M and Liu, Hui and Stoll, Norbert and Thurow, Kerstin},
  booktitle={2016 IEEE 8th International Conference on Intelligent Systems (IS)},
  pages={382--387},
  year={2016},
  organization={IEEE}
}

@article{aref2015fault,
  title={Fault tolerant control architecture design for mobile manipulation in scientific facilities},
  author={Aref, Mohammad M and Oftadeh, Reza and Ghabcheloo, Reza and Mattila, Jouni},
  journal={International Journal of Advanced Robotic Systems},
  volume={12},
  number={1},
  pages={4},
  year={2015},
  publisher={SAGE Publications Sage UK: London, England}
}

@inproceedings{kim2018lab,
  title={Lab automation drones for mobile manipulation in high throughput systems},
  author={Kim, Dongbin and Oh, Paul Y},
  booktitle={2018 IEEE International Conference on Consumer Electronics (ICCE)},
  pages={1--5},
  year={2018},
  organization={IEEE}
}

@inproceedings{olson2011apriltag,
  title={AprilTag: A robust and flexible visual fiducial system},
  author={Olson, Edwin},
  booktitle={2011 IEEE International Conference on Robotics and Automation},
  pages={3400--3407},
  year={2011},
  organization={IEEE}
}

@inproceedings{wang2016apriltag,
  title={AprilTag 2: Efficient and robust fiducial detection},
  author={Wang, John and Olson, Edwin},
  booktitle={2016 IEEE/RSJ International Conference on Intelligent Robots and Systems (IROS)},
  pages={4193--4198},
  year={2016},
  organization={IEEE}
}

%%%%%%%%%%%%%%%%%%%%%%%%%

@article{deisenroth2011learning,
  title={Learning to control a low-cost manipulator using data-efficient reinforcement learning},
  author={Deisenroth, Marc Peter}
}
@INPROCEEDINGS{8793824,
author={P. S. {Schmitt} and F. {Wirnshofer} and K. M. {Wurm} and G. v. {Wichert} and W. {Burgard}},
booktitle={2019 International Conference on Robotics and Automation (ICRA)},
title={Modeling and Planning Manipulation in Dynamic Environments},
year={2019},
volume={},
number={},
pages={176-182},
keywords={collision avoidance;manipulator dynamics;mobile robots;pose estimation;robot vision;steering systems;kinodynamic manipulation planner;dynamic environments;robot dynamics;time-variant environments;manipulation modeling;manipulation planning;online collision avoidance;object pose estimation;steering functions;Planning;Task analysis;Collision avoidance;Manipulator dynamics;Grippers},
doi={10.1109/ICRA.2019.8793824},
ISSN={},
month={May},}

@article{ali2016kinematic,
  title={Kinematic analysis of 6-DOF arms for H20 mobile robots and labware manipulation for transportation in life science labs},
  author={Ali, Mohammed M and Liu, Hui and Stoll, Norbert and Thurow, Kerstin},
  journal={Journal of Automation Mobile Robotics and Intelligent Systems},
  volume={10},
  year={2016}
}

@InProceedings{Wang_2019_CVPR,
author = {Wang, Chen and Xu, Danfei and Zhu, Yuke and Martin-Martin, Roberto and Lu, Cewu and Fei-Fei, Li and Savarese, Silvio},
title = {DenseFusion: 6D Object Pose Estimation by Iterative Dense Fusion},
booktitle = {The IEEE Conference on Computer Vision and Pattern Recognition (CVPR)},
month = {June},
year = {2019}
}



@INPROCEEDINGS{8793501,
author={S. {Thakar} and P. {Rajendran} and V. {Annem} and A. {Kabir} and S. {Gupta}},
booktitle={2019 International Conference on Robotics and Automation (ICRA)},
title={Accounting for Part Pose Estimation Uncertainties during Trajectory Generation for Part Pick-Up Using Mobile Manipulators},
year={2019},
volume={},
number={},
pages={1329-1336},
keywords={grippers;learning (artificial intelligence);mobile robots;optimisation;path planning;pose estimation;position control;probability;mobile base trajectory;active learning based approach;optimization-based framework;time-optimal trajectories;part pose estimation uncertainties;trajectory generation;part pick-up;mobile manipulators;operation time;gripper;Grippers;Grasping;Trajectory;Uncertainty;Physics;End effectors},
doi={10.1109/ICRA.2019.8793501},
ISSN={},
month={May},}


@ARTICLE{7953692,
author={Z. {Li} and T. {Zhao} and F. {Chen} and Y. {Hu} and C. {Su} and T. {Fukuda}},
journal={IEEE/ASME Transactions on Mechatronics},
title={Reinforcement Learning of Manipulation and Grasping Using Dynamical Movement Primitives for a Humanoidlike Mobile Manipulator},
year={2018},
volume={23},
number={1},
pages={121-131},
keywords={control engineering computing;feedback;humanoid robots;human-robot interaction;learning (artificial intelligence);manipulator dynamics;mobile robots;motion control;neurocontrollers;optimisation;redundant manipulators;humanoidlike mobile manipulator;mobile robots;complex motion sequences;human-robot environment;reinforcement learning strategy;visual feedback;neural-dynamic optimization algorithm;dynamical movement primitives;Mobile communication;Robot sensing systems;Manipulator dynamics;Trajectory;Learning (artificial intelligence);Dynamic movement primitive (DMP);mobile manipulation;redundancy resolution;reinforcement learning (RL)},
doi={10.1109/TMECH.2017.2717461},
ISSN={},
month={Feb},}

@article{lee2018making,
  title={Making sense of vision and touch: Self-supervised learning of multimodal representations for contact-rich tasks},
  author={Lee, Michelle A and Zhu, Yuke and Srinivasan, Krishnan and Shah, Parth and Savarese, Silvio and Fei-Fei, Li and Garg, Animesh and Bohg, Jeannette},
  journal={arXiv preprint arXiv:1810.10191},
  year={2018}
}

@inproceedings{srinivasa2016system,
  title={A system for multi-step mobile manipulation: Architecture, algorithms, and experiments},
  author={Srinivasa, Siddhartha S and Johnson, Aaron M and Lee, Gilwoo and Koval, Michael C and Choudhury, Shushman and King, Jennifer E and Dellin, Christopher M and Harding, Matthew and Butterworth, David T and Velagapudi, Prasanna and others},
  booktitle={International Symposium on Experimental Robotics},
  pages={254--265},
  year={2016},
  organization={Springer}
}

@article{stoyanov2016no,
  title={No more heavy lifting: Robotic solutions to the container unloading problem},
  author={Stoyanov, Todor and Vaskevicius, Narunas and Mueller, Christian A and Fromm, Tobias and Krug, Robert and Tincani, Vinicio and Mojtahedzadeh, Rasoul and Kunaschk, Stefan and Ernits, Rafael Mortensen and Canelhas, Daniel R and others},
  journal={IEEE Robotics \& Automation Magazine},
  volume={23},
  number={4},
  pages={94--106},
  year={2016},
  publisher={IEEE}
}

@inproceedings{huang2019neural,
  title={Neural task graphs: Generalizing to unseen tasks from a single video demonstration},
  author={Huang, De-An and Nair, Suraj and Xu, Danfei and Zhu, Yuke and Garg, Animesh and Fei-Fei, Li and Savarese, Silvio and Niebles, Juan Carlos},
  booktitle={Proceedings of the IEEE Conference on Computer Vision and Pattern Recognition},
  pages={8565--8574},
  year={2019}
}

@inproceedings{wise2016fetch,
  title={Fetch and freight: Standard platforms for service robot applications},
  author={Wise, Melonee and Ferguson, Michael and King, Derek and Diehr, Eric and Dymesich, David},
  booktitle={Workshop on autonomous mobile service robots},
  year={2016}
}
